@Article{new_zeland,
author = {Ian J. Payton and Michael Fenner and William G. Lee},
title = {Keystone species: the concept and its relevance for conservation management in {N}ew {Z}ealand},
journal = {Science for canservation},
year = {2002},
}

@Article{jordan_comparison,
author={Ferenc Jordán and Zsófia Benedek and János Podani},
title={Quantifying positional importance in food webs: A comparison of centrality indices},
journal = {Ecological modelling},
year = {2007}
}

@Article{top_indexes,
author={Gabriella Baranyi and Santiago Saura and János Podani and Ferenc Jordán},
title={Contribution of habitat patches to network connectivity: Redundancy and uniqueuness of topological indices},
journal={Ecological Indicators},
year={2011}
}

@Article{ti,
author={Ferenc Jordán and W.-C. Liu and F.J.F. van Veen},
title={Quantifying the importance of species and their interactions in a host-parasitoid community},
journal={Community ecology},
year={2003}
}

@book{newman_networks,
author = {M. E. J. Newman},
title = {Networks: An Introduction},
year = {2010},
}
